4478 5820
945 391 1251 463 ..65-

994 704 1190 798 Tabula.

466 901 1087 1011 AMPHEREPHIS
1159 905 1720 1013 INTERMEDIA.

654 1122 954 1241 Syngenesia
981 1121 1268 1240 Polygamia
1297 1124 1528 1241 aequalis.
1617 1102 1620 1107 ¹

738 1336 840 1406 O.n.
876 1336 1125 1430 Compositae
1156 1332 1455 1428 Corymbiferae.

287 1513 328 1577 A.
350 1511 516 1579 involucri
542 1511 666 1601 phyllis
694 1511 885 1591 saliaribus,
919 1512 1040 1599 calycis
1067 1511 1191 1600 phyllis
1219 1511 1435 1577 interioribus
1464 1514 1749 1605 ovato-oblongis
1781 1532 1898 1587 rotun·

372 1623 473 1704 detis,
503 1625 722 1693 exterioribus
743 1624 838 1713 apice
859 1625 1009 1691 aristatis.
1386 1624 1400 1643 '

872 1790 989 1844 Habitat
1011 1791 1043 1845 in
1058 1790 1184 1844 Brasilia.
1222 1792 1265 1862 Θ
1284 1792 1316 1846 C.

291 1962 416 2071 Caulis
436 2005 561 2093 pedem
581 2006 667 2071 altus
689 2018 820 2071 erectus
841 2028 994 2072 ramosus
1015 2018 1103 2071 teres
1127 2005 1259 2071 striatus
1285 2004 1402 2070 hirtus.
1446 2004 1542 2071 Folia
1570 2007 1697 2075 alterna
1725 2011 1761 2078 in
1789 2017 1897 2101 petio.

288 2117 361 2184 lum
381 2129 547 2183 attenuata
570 2118 675 2184 ovalia
704 2124 724 2183 2
746 2118 826 2205 poll.
854 2130 887 2183 et
913 2118 999 2182 ultra
1026 2117 1143 2207 longa,
1175 2118 1256 2206 poll.
1278 2131 1312 2184 et
1330 2119 1351 2183 lt
1372 2118 1429 2183 lin.
1452 2118 1518 2183 lata
1546 2119 1665 2186 obtusa
1688 2140 1812 2192 serrata
1833 2153 1897 2218 pu·

288 2231 468 2298 bescentia.
528 2230 647 2297 Floras
674 2232 710 2296 in
738 2233 832 2321 apice
860 2255 1042 2297 ramorum.
1098 2233 1317 2297 lnvolucrum
1344 2255 1362 2297 e
1389 2231 1513 2320 phyllis
1545 2233 1676 2300 5soliis
1708 2238 1896 2310 simillimis.

290 2342 397 2433 Calyx
422 2344 727 2432 hemisphaericus,
765 2345 889 2433 phyllis
922 2356 1013 2408 arcte
1046 2343 1229 2409 imbricatis
1264 2344 1387 2433 glabris
1424 2345 1680 2432 splendentibus
1708 2355 1896 2439 appendice

287 2459 510 2547 pubescente,
538 2459 759 2525 exterioribus
782 2483 821 2524 ex
843 2471 938 2525 ovata
966 2457 1036 2523 basi
1059 2457 1230 2546 oblongis*
1244 2458 1339 2544 apice
1369 2457 1403 2522 in
1425 2458 1560 2523 aristam
1582 2460 1719 2550 longam
1742 2467 1897 2534 subsilia-

287 2572 622 2660 temrigidiusculam
643 2572 860 2649 abeuntibus,
882 2570 1098 2639 interioribus
1120 2569 1306 2658 appendice
1327 2570 1438 2634 minus
1460 2571 1606 2650 aristata,
1633 2573 1758 2641 intimis
1779 2592 1897 2647 rotun-

288 2686 383 2753 datis.
410 2686 674 2774 Receptaculum
695 2684 1001 2771 hemisphaericum
1022 2684 1162 2747 nudum.
1190 2685 1324 2769 Pappus
1345 2682 1643 2771 strigoso-pilosus
1663 2688 1774 2755 brevis
1796 2694 1897 2758 cadu-

289 2822 358 2865 cus.
402 2795 562 2865 Corollae
584 2799 759 2865 coeruleae
781 2798 852 2862 basi
873 2796 956 2863 tubo
979 2798 1136 2885 elongato
1158 2796 1324 2876 fililormi,
1351 2797 1458 2862 limbo
1480 2802 1725 2886 campanulato.
1767 2806 1894 2895 Stigma

288 2911 441 2980 bifidum.
482 2912 618 2978 Semina
645 2936 716 2977 non
737 2923 979 2976 maturuerunt.

411 3025 529 3092 Planta
565 3025 653 3091 inter
684 3023 954 3113 Amphcrephim
980 3022 1141 3092 muticam
1171 3035 1205 3089 et
1231 3023 1400 3089 aristolam
1433 3025 1599 3089 Humdoldt
1629 3035 1661 3090 et
1684 3031 1793 3094 Kunlh
1825 3054 1893 3098 noo.

284 3163 356 3231 gen.
385 3151 416 3205 et
446 3162 524 3219 spec.
562 3142 595 3203 Τ.
616 3139 646 3205 4.
681 3162 713 3218 p.
735 3141 785 3205 st.
807 3140 857 3202 32.
892 3136 1101 3202 intermedia.
1158 3136 1211 3200 Ab
1241 3149 1381 3222 utraque
1411 3134 1542 3213 dissert,
1578 3136 1701 3226 phyllis
1730 3141 1894 3210 involucri

285 3256 396 3321 multo
424 3251 608 3335 majoribus
636 3251 727 3317 loliis
760 3251 954 3329 simillimis,
992 3251 1034 3314 ab
1063 3248 1194 3314 aristata
1221 3246 1345 3336 phyllis
1377 3247 1597 3314 exterioribus
1633 3252 1755 3339 calycis
1782 3256 1894 3322 minus

282 3367 430 3437 aristatis
450 3367 552 3431 nullis
574 3364 759 3442 serrulatis,
786 3363 828 3428 ab
850 3366 890 3428 A.
911 3362 1035 3427 mutica
1056 3362 1180 3451 phyllis
1203 3361 1360 3449 calycinis
1388 3361 1608 3426 exterioribus
1629 3364 1738 3431 multo
1760 3367 1894 3457 longius

286 3480 439 3548 cristatis.
481 3480 635 3544 Plantam
662 3502 701 3543 ex
727 3477 828 3542 horto
857 3475 1056 3542 Monacensi
1084 3475 1275 3563 accepimus
1303 3474 1443 3540 nomine
1470 3474 1719 3564 Ampherephis
1749 3481 1894 3547 muticae

287 3594 414 3662 llumb.
436 3590 575 3658 corollis
604 3591 768 3656 coeruleis
790 3588 862 3654 non
884 3589 1116 3676 inelegantem.

290 3764 294 3771 .
411 3705 483 3793 Fig.
504 3726 532 3768 a.
561 3704 705 3782 corolla,
738 3703 792 3790 fig.
812 3702 843 3765 b.
870 3703 973 3788 stylus
996 3723 1075 3773 cum
1095 3702 1263 3789 stigmate,
1299 3701 1352 3789 lig.
1370 3723 1397 3765 c.
1426 3700 1547 3788 calycis
1569 3701 1724 3789 phyllum
1745 3704 1893 3786 interius,

287 3821 343 3910 fig.
366 3820 398 3886 d.
420 3831 454 3885 et
474 3842 502 3884 e.
530 3817 652 3905 calycis
675 3816 791 3905 phylla
813 3814 995 3894 exteriora,
1027 3814 1121 3903 ligi.
1143 3814 1241 3879 arista
1263 3812 1369 3901 phylli
1392 3813 1528 3902 calycis;
1566 3814 1680 3880 omnia
1708 3817 1893 3885 microsco·

286 3956 346 4023 pro
367 3952 445 3998 vua.

890 4130 1294 4147 m

412 4358 485 4424 Der
504 4354 633 4422 Stamm
655 4355 765 4420 dieser
785 4352 918 4419 Pllanze
940 4354 983 4418 ist
1003 4366 1092 4418 etwa
1114 4355 1213 4419 einen
1233 4353 1315 4417 Fuls
1336 4351 1447 4430 hoch,
1475 4351 1644 4431 aulrecht,
1673 4355 1774 4444 ttstig,
1794 4361 1893 4438 rund,

287 4470 452 4564 gestreist,
472 4471 535 4535 mit
555 4468 711 4535 ziemlich
732 4469 854 4557 langen
876 4469 1009 4532 Haaren
1029 4467 1166 4531 besetzt.
1207 4467 1272 4531 Dio
1294 4466 1421 4530 Blattter
1441 4464 1559 4530 stehen
1580 4466 1794 4548 wechselnd,
1822 4496 1894 4536 ver-

287 4585 482 4653 schmalern
502 4582 577 4649 sich
598 4583 662 4649 last
681 4582 717 4647 in
738 4581 838 4648 einen
859 4581 957 4658 Stiel,
983 4579 1059 4645 sind
1082 4579 1251 4668 eisbrmig,
1279 4584 1299 4643 2
1321 4579 1396 4643 Zoll
1418 4578 1487 4643 und
1510 4578 1638 4644 druber
1658 4581 1749 4670 lang,
1779 4589 1794 4646 l
1818 4585 1893 4649 Zoll

1334 4693 1368 4756 K
