4492 5812
953 346 1253 422 ..97-

1001 641 1102 728 Tab.
1130 642 1198 732 45.

576 815 1081 927 EUCALYPTUS
1133 818 1622 930 LONGIFOLIA.

781 1037 1071 1129 Icosandria
1104 1040 1419 1159 Monogynia.

931 1265 980 1340 0.
1008 1288 1045 1339 n.
1094 1269 1275 1361 Myrtoae.

293 1438 332 1503 E.
365 1439 456 1506 soliis
484 1441 621 1508 alternis
646 1441 841 1509 lanceolatis
870 1442 942 1508 basi
970 1443 1200 1534 inaequalibus
1228 1443 1355 1508 falcatis
1383 1442 1667 1531 dependentibus,
1702 1444 1903 1532 pedunculis

375 1555 585 1642 petiolorum
604 1556 817 1646 longitudine
845 1557 993 1636 trilloris,
1015 1556 1185 1646 calycibus
1206 1557 1376 1644 triquetris
1399 1558 1562 1645 operculo
1586 1557 1707 1623 conico
1729 1570 1839 1624 acuto.

293 1667 332 1732 Ε.
367 1667 554 1759 longilolia.
595 1672 676 1737 Lr'nl
695 1676 753 1738 En.
774 1677 831 1738 alt.
850 1677 894 1752 pl.
915 1673 997 1738 hort·
1038 1677 1145 1738 Berol.
1171 1675 1204 1736 T.
1219 1677 1249 1736 2;
1274 1695 1306 1751 p.
1319 1675 1368 1739 29.

879 1807 988 1891 Habitat
1004 1837 1034 1890 in
1050 1837 1189 1891 Australia.
1222 1835 1262 1904 ᾖ
1286 1837 1316 1889 T.

292 1995 421 2099 Arbor
445 2030 526 2110 alta,
559 2029 596 2096 in
623 2030 812 2119 Tepidariis
841 2031 966 2098 nostris
994 2033 1038 2099 ad
1063 2036 1105 2100 30
1128 2034 1233 2122 pedes
1260 2033 1420 2112 excrevit,
1456 2033 1582 2099 cortice
1610 2054 1731 2119 parum
1762 2053 1899 2121 rugoso.

292 2144 391 2232 ¹Remi
414 2144 549 2233 expansi
570 2156 736 2212 nutantes.
793 2145 888 2211 Folia
911 2146 1111 2234 pedunculis
1140 2152 1243 2212 1-2
1262 2147 1343 2235 poll.
1364 2147 1491 2235 longis,
1513 2146 1754 2234 dependentia,
1776 2146 1900 2210 lamina

292 2260 335 2326 ad
348 2265 388 2325 10
407 2259 488 2347 poll.
502 2260 693 2347 pedemque
716 2259 835 2349 longa,
860 2260 942 2347 poll.
972 2273 1006 2326 et
1026 2261 1130 2327 6-s
1159 2261 1216 2327 lin.
1243 2262 1308 2327 lata
1329 2261 1400 2325 basi
1431 2261 1612 2350 inaequali,
1649 2259 1768 2326 falcata
1796 2261 1898 2349 longe

290 2383 438 2451 scutata,
474 2385 586 2451 acuta,
618 2373 714 2460 apice
741 2373 978 2462 rigidiusculo,
1014 2373 1099 2438 infra
1135 2375 1245 2440 nervis
1271 2376 1439 2462 parallelis
1474 2388 1551 2440 ante
1579 2374 1767 2462 marginem
1794 2396 1899 2440 nervo

291 2487 531 2575 submerginali
553 2485 729 2567 connexis,
759 2488 959 2577 glaberrima
987 2489 1148 2554 coriacea.
1204 2488 1390 2554 Pedunculi
1413 2489 1564 2555 axillares
1594 2487 1665 2551 lere
1696 2488 1777 2574 poll.
1803 2487 1898 2576 longi

292 2600 410 2676 crassi3
431 2600 586 2688 pedicelli
607 2601 695 2667 terni
716 2606 736 2666 8
757 2601 815 2667 lin.
838 2602 931 2692 longi
953 2626 1098 2690 superne
1121 2601 1300 2668 crassiores
1314 2604 1350 2668 in
1366 2605 1516 2690 calycem
1528 2603 1739 2668 transientes.
1793 2598 1900 2688 Calyx

290 2727 486 2803 tetragonus
506 2713 637 2803 integer
655 2726 732 2780 ante
753 2715 1002 2782 florescentiam
1028 2729 1135 2781 tectus
1159 2717 1320 2803 operculo
1351 2717 1473 2783 conico
1495 2739 1616 2805 parum
1637 2716 1777 2780 incurvo
1798 2725 1898 2780 acuto

292 2830 405 2917 calyce
426 2827 615 2918 paullulum
635 2829 802 2918 longiore.
849 2830 961 2896 Petala
983 2831 1084 2895 nulla.
1140 2829 1288 2894 Stamina
1316 2831 1417 2920 longa
1445 2831 1520 2896 alba
1547 2842 1624 2895 ante
1650 2826 1899 2895 florescentiam

291 2941 421 3009 inflexa.
470 2941 567 3029 Sylus
590 2963 720 3008 crassus
740 2943 868 3022 virens;
889 2943 1007 3032 stigma
1028 2942 1121 3007 haud
1143 2943 1336 3009 discretum.

425 3054 643 3145 Sprengelius
668 3056 721 3121 vir
747 3056 909 3122 celeberr.
937 3058 979 3122 ad
1007 3057 1046 3121 E.
1070 3057 1290 3122 multifloram
1316 3057 1440 3124 Poireti
1475 3057 1622 3135 reduxit,
1660 3078 1678 3120 a
1706 3077 1771 3143 qua
1798 3054 1898 3120 valde
2031 3072 2035 3080 '

291 3170 422 3247 differt,
454 3169 544 3236 foliis
570 3170 680 3236 multo
709 3170 922 3259 longioribus
948 3169 1092 3248 falcatis,
1137 3171 1337 3258 pedunculis
1368 3172 1505 3237 trilloris
1533 3195 1597 3236 nec
1627 3174 1771 3235 10-12
1793 3168 1897 3234 floris.

289 3284 401 3350 Multo
423 3284 529 3373 magis
549 3282 660 3349 affinis
681 3284 720 3349 E.
733 3295 911 3366 rostratae,
942 3297 976 3350 et
995 3285 1083 3351 sorte
1104 3308 1176 3351 non
1198 3285 1341 3366 diversa,
1372 3297 1407 3351 at
1431 3285 1588 3374 pedicelli
1613 3283 1649 3350 in
1669 3284 1769 3351 icone
1793 3281 1897 3350 Cava·

289 3399 412 3465 nillesii
438 3398 619 3464 breviores.

427 3509 518 3578 Cum
542 3512 656 3577 tabula
682 3513 750 3594 jam
776 3525 906 3579 exarata
933 3524 1021 3578 esset
1047 3513 1239 3600 accepimus
1260 3514 1412 3580 Botanic.
1464 3515 1592 3604 Regist.
1625 3526 1649 3580 t.
1678 3513 1740 3584 947
1766 3511 1802 3576 in
1830 3531 1896 3597 qua

288 3626 494 3716 Eucalyptus
528 3625 703 3714 longifolia
741 3627 871 3693 diversa
910 3639 1065 3693 anostra
1092 3627 1181 3715 picta
1213 3640 1247 3693 et
1279 3628 1447 3715 descripta
1479 3642 1538 3695 est
1597 3631 1642 3693 At
1668 3640 1781 3693 nostra
1803 3623 1896 3713 prius

290 3739 447 3807 distincta
469 3751 504 3805 et
518 3740 658 3806 nomine
680 3738 837 3829 insignita
858 3740 931 3806 luit

424 3853 498 3944 Pig.
511 3877 540 3919 a.
563 3853 777 3942 operculum,
809 3854 863 3944 fig.
884 3856 917 3919 b.
947 3855 1041 3942 calyx
1063 3876 1142 3920 cum
1163 3855 1375 3937 staminibus,
1408 3856 1462 3945 fig.
1478 3879 1506 3922 c.
1529 3855 1623 3942 calyx
1645 3875 1723 3920 cum
1744 3849 1895 3941 germine

289 3978 325 4036 et
343 3967 486 4057 pistillo,
517 3966 572 4056 fig.
586 3967 618 4035 d·
640 3969 801 4056 germinis
822 3969 926 4036 sectio
948 3970 1185 4034 transversalis.

424 4305 490 4373 Ein
517 4307 625 4374 Baum
650 4307 703 4374 bis
728 4333 773 4375 an
801 4311 843 4376 30
863 4309 945 4375 Fuss
974 4311 1008 4374 in
1037 4333 1163 4376 unsern
1186 4310 1506 4378 Gewtichshtusern
1534 4311 1597 4374 mit
1625 4310 1719 4374 einer
1739 4303 1896 4372 ziemlich

289 4421 417 4510 glatten
436 4422 559 4488 Rinde.
620 4422 685 4489 Die
718 4424 857 4513 Zweige
890 4425 1113 4513 ausgebreitet
1138 4426 1201 4490 mit
1228 4427 1294 4491 den
1321 4426 1457 4512 Spitzen
1485 4424 1767 4513 niedergebogen.
1829 4420 1895 4522 Die
