4478 5820
964 418 1264 486 ..43-

1010 734 1110 821 Tab.
1142 728 1196 821 18
1235 768 1240 777 ·

617 924 1129 1032 CEROPEGIA
1188 928 1598 1035 APHYLLA.

826 1143 1133 1235 Pentandria
1164 1146 1386 1265 Digynia.

848 1303 849 1308 ἵ
877 1345 924 1415 Ο.
951 1367 990 1415 n.
1041 1342 1336 1441 Asclepiadeae.

301 1499 341 1586 C.
362 1519 463 1584 ramis
484 1516 647 1583 teretibus
669 1516 890 1598 dichotomis,
918 1519 1007 1586 foliis
1030 1521 1211 1588 linearibus
1234 1524 1385 1600 caducis,
1413 1522 1552 1588 floribus
1575 1521 1774 1586 fasciculatis
1797 1521 1908 1585 axilla-

380 1618 489 1693 ribus,
518 1615 665 1705 corollae
686 1617 769 1680 tubo
792 1616 898 1682 limbo
921 1618 1085 1705 longiore.

301 1714 341 1782 C.
367 1712 501 1801 aphylla
521 1715 672 1778 Honorth
697 1737 819 1806 synops.
838 1719 883 1794 pl.
909 1720 1071 1781 succulent.
1096 1721 1199 1797 p.1d.
1248 1719 1439 1782 Jalrtacter
1467 1719 1521 1781 der
1544 1717 1785 1782 Gewb'chslunde
1815 1720 1828 1778 1
1856 1715 1909 1779 Th.

383 1819 399 1878 1
417 1815 457 1875 H.
485 1815 516 1875 S.
538 1815 608 1875 188.

870 1944 993 1999 Habitat
1010 1945 1042 1998 in
1061 1945 1201 1999 Canariis.
1236 1946 1277 2015 ᾖ.
1297 1947 1329 2000 C.

299 2049 423 2154 caulis
444 2091 465 2149 2
486 2081 563 2171 ped.
585 2083 670 2147 altus
693 2081 926 2163 dichotomus,
963 2087 1065 2150 ramis
1085 2087 1247 2152 teretibus
1274 2087 1445 2151 interdum
1473 2087 1676 2173 compressis
1699 2084 1907 2173 glaberrimis
2037 2092 2041 2100 “

298 2184 458 2252 carnosis.
499 2179 596 2245 Folia
619 2181 772 2267 opposita
796 2183 985 2249 subsessilia
1007 2185 1359 2250 lanceolato-linearia
1381 2184 1494 2271 2poll.
1508 2185 1619 2272 longa,
1640 2186 1749 2249 2-3
1766 2182 1823 2247 lin.
1844 2182 1908 2246 lata

296 2295 391 2350 acuta
413 2277 643 2367 integerrima,
671 2278 706 2342 in
727 2280 829 2344 ramis
849 2293 981 2345 tantum
1000 2283 1204 2363 junioribus,
1238 2305 1318 2346 mox
1341 2282 1483 2358 caduca,
1516 2283 1606 2346 unde
1629 2282 1740 2368 planta
1763 2278 1906 2367 aphylla.

237 2442 252 2471 ‚
296 2381 415 2446 Plores
437 2375 619 2442 fasciculati
642 2375 662 2441 6
675 2411 717 2425 -
733 2381 770 2440 12
793 2378 827 2442 in
850 2379 955 2444 axillis
977 2378 1139 2444 soliorum
1161 2392 1194 2444 et
1215 2379 1449 2466 delapsorum,
1477 2379 1650 2466 pedicellis
1672 2383 1692 2442 2
1710 2378 1766 2442 lin.
1786 2376 1906 2471 longis.

298 2477 404 2565 Calyx
424 2479 444 2540 5
464 2473 605 2562 partitus
627 2473 684 2537 lin.
708 2472 830 2562 longus
851 2476 980 2539 laciniis
1002 2477 1196 2542 lanceolatis
1218 2478 1322 2542 acutis
1344 2478 1551 2542 rubentibus.
1597 2477 1735 2543 Corolla
1758 2473 1906 2539 infundi-

295 2573 490 2650 biliformis,
511 2571 595 2635 tubo
615 2571 705 2637 9lin.
719 2572 823 2659 longo
846 2573 1159 2651 albo-flavescenti,
1180 2575 1286 2639 limbo
1301 2579 1321 2638 8
1336 2574 1392 2637 lin.
1408 2576 1511 2662 longo
1529 2573 1801 2662 quinquepartito
1819 2572 1905 2636 llavo

295 2676 390 2763 apice
404 2694 502 2759 saepe
516 2669 740 2746 suscescente,
767 2669 896 2735 laciniis
918 2671 1318 2737 lanceolam-linearibus
1341 2672 1608 2737 conniventibus.
1652 2669 1865 2736 Paracorolla
1887 2691 1905 2732 e

295 2772 407 2839 limbis
425 2768 559 2834 duobus
582 2768 748 2842 camosis;
777 2769 922 2834 exterior
944 2771 1095 2857 margine
1114 2770 1269 2835 dentibus
1289 2771 1407 2834 decem
1424 2770 1565 2856 geminis
1587 2769 1714 2834 conicis
1733 2767 1905 2841 brevibus;

296 2870 436 2936 interior
463 2858 677 2953 processibus
706 2870 726 2930 5
754 2866 887 2931 clavatis
917 2868 1025 2931 multo
1058 2867 1278 2955 longioribus.
1341 2866 1498 2931 Folliculi
1521 2865 1731 2931 antheroidei
1763 2861 1903 2949 oblongi

297 2968 394 3043 flavi,
437 2985 533 3028 crura
560 2961 698 3050 pollinis
723 2975 843 3027 erecta.
909 2964 1071 3030 Germina
1100 2971 1120 3028 2
1148 2965 1266 3030 coalita
1293 2964 1445 3051 stigmate
1470 2966 1630 3052 depresso
1659 2959 1902 3049 quinquelobo.

296 3063 452 3141 Folliculi
474 3065 494 3125 2
517 3060 667 3147 oblongi.
709 3060 824 3126 Planta
847 3062 1005 3127 lactescit.

226 3229 229 3233 ,
428 3159 583 3224 Plantam
610 3157 760 3244 primum
785 3158 965 3224 habuimus
992 3183 1009 3222 a
1033 3160 1137 3225 celeb.
1159 3161 1284 3226 Aitono
1314 3183 1354 3224 ex
1373 3159 1476 3225 horto
1498 3159 1677 3237 Kewensi,
1708 3170 1780 3222 tum
1802 3155 1902 3220 aliam

293 3263 336 3328 ab
366 3258 417 3324 lll.
437 3255 616 3341 Leopoldo
645 3255 686 3319 de
708 3255 805 3320 Buch
834 3256 1043 3335 eCanariis,
1081 3281 1164 3345 quae
1192 3281 1272 3324 mox
1292 3257 1415 3323 floruit.
1459 3256 1629 3322 Haworth
1648 3256 1732 3322 vidit
1751 3255 1901 3342 plantam

293 3356 465 3449 'aphyllam
485 3375 549 3416 nec
571 3352 765 3430 florentem;
793 3377 877 3441 quae
899 3355 979 3419 solia
1002 3367 1113 3433 vocat,
1146 3356 1278 3421 residua
1299 3356 1462 3422 soliorum
1482 3356 1646 3421 videntur.

426 3453 468 3517 ln
496 3450 580 3515 locis
602 3450 718 3515 calidis
740 3475 803 3517 nec
825 3452 957 3516 elevatis
986 3453 1112 3519 insulae
1136 3454 1400 3531 Grancanariae,
1432 3456 1567 3519 Palmae
1594 3467 1641 3533 et,
1675 3451 1825 3540 quamvis
1849 3471 1900 3513 ra·

293 3557 380 3630 rior,
408 3547 597 3615 Tenerissae
619 3550 790 3636 provenit,
825 3551 882 3614 ubi
904 3564 1127 3639 temperatura
1149 3553 1259 3618 media
1286 3558 1353 3618 20ο
1377 3555 1417 3618 R.
1440 3553 1578 3618 excedit.
1641 3554 1769 3617 Versus
1797 3549 1900 3612 finem

293 3651 419 3720 mensis
447 3646 528 3727 Maji
551 3647 660 3710 ¹flores
692 3647 881 3733 protulerat
908 3672 1016 3736 prope
1044 3649 1239 3715 Grenadilla
1274 3663 1307 3715 et
1334 3650 1399 3716 ltio
1427 3651 1463 3715 in
1489 3664 1583 3738 parte
1610 3649 1745 3714 australi
1771 3645 1898 3710 insulae

293 3745 505 3820 Tenerissae;
548 3743 688 3808 floribus
717 3744 848 3810 obtecta
877 3759 947 3810 erat
974 3746 1069 3811 initio
1091 3747 1231 3836 Augusti
1260 3747 1294 3812 in
1323 3747 1430 3812 insula
1454 3746 1697 3826 Grancanaria,
1740 3767 1803 3810 nec
1826 3764 1897 3806 non

292 3851 360 3916 line
382 3841 589 3931 Septembris
616 3841 779 3906 ininsula
802 3844 927 3907 Palma.
991 3843 1124 3909 Crescit
1158 3868 1236 3909 cum
1262 3845 1459 3932 Euphorbia
1489 3846 1722 3921 balsamilera,
1765 3838 1898 3906 Cacalia

291 3944 436 4019 Kleinia,
459 3938 611 4005 Crotone
626 3940 871 4026 pulverulento,
893 3943 1083 4007 Prenanthe
1102 3943 1247 4030 spinosa,
1268 3943 1460 4008 Plocamate
1477 3944 1638 4031 pendulo.
1681 3937 1806 4006 lncolis
1826 3957 1897 4000 ear·
1923 3990 1932 4007 ,

291 4041 442 4113 doncillo
475 4049 616 4102 vocatur
652 4037 696 4102 ob
731 4038 984 4104 similitudinem
1012 4038 1229 4127 Euphorbiae
1264 4040 1481 4118 canariensis,
1525 4041 1609 4129 q'uae
1639 4040 1718 4127 ipsis
1747 4035 1895 4101 Cardon.

291 4145 418 4209 Succus
440 4156 614 4222 expressus
636 4155 736 4218 canes
758 4149 856 4200 necat
877 4149 910 4201 et
929 4150 1051 4214 rattos,
1079 4161 1181 4224 quem
1203 4138 1237 4203 in
1255 4138 1358 4202 linem
1379 4139 1453 4225 ipso
1476 4151 1616 4204 utuntur
1636 4136 1784 4212 incolae,
1805 4131 1895 4196 unde

292 4261 419 4307 nomen
441 4235 477 4297 in
499 4231 669 4296 Tenerilsa
690 4233 901 4320 Mataperro‚
932 4257 1031 4300 canes
1053 4258 1206 4300 enecans.
1249 4239 1343 4314 Leop.
1365 4238 1402 4301 de
1421 4237 1518 4301 Buch.

425 4331 498 4417 Pig.
521 4352 548 4392 a.
576 4331 786 4416 paracorolla
810 4354 888 4395 cum
909 4333 1076 4419 germine,
1116 4331 1170 4420 lig.
1192 4333 1225 4397 b.
1248 4332 1418 4398 folliculus
1441 4333 1679 4399 antheroideus
1702 4352 1780 4395 cum
1800 4337 1894 4413 parte

291 4427 521 4524 paracorollae
540 4438 611 4490 tam
631 4426 801 4492 interioris
823 4451 925 4516 quam
947 4429 1135 4507 exterioris,
1174 4430 1227 4517 lig.
1251 4454 1279 4494 c.
1303 4454 1440 4541 germen
1464 4454 1541 4495 cum
1564 4431 1725 4517 stigmate.
1769 4423 1894 4490 Omnia

289 4551 409 4621 parum
430 4537 535 4591 aucta.

1423 4704 1493 4769 Fa
