4478 5820
645 901 1091 1011 GESNERIA
1160 903 1588 1011 BULBOSA.

748 1122 1053 1241 Didynamia
1079 1125 1475 1242 Angiospermia.

890 1336 938 1408 Ο.
958 1358 996 1405 η.
1020 1331 1338 1407 ‘Scrofularinae

310 1509 351 1578 G.
374 1511 469 1578 caule
489 1509 604 1590 tereti,
625 1508 715 1576 loliis
738 1510 885 1577 cordatis
906 1513 1012 1577 acutis
1034 1513 1177 1578 crenatis
1198 1513 1330 1600 rugosis
1353 1534 1452 1602 supra
1473 1511 1570 1579 molli
1592 1511 1710 1601 pilosis
1730 1512 1848 1584 subtus
1868 1529 1919 1586 to·

391 1625 569 1702 mentosis,
599 1624 737 1690 corollis
759 1624 948 1690 unilabiatis
971 1625 1061 1691 labio
1082 1626 1271 1693 lanceolato
1293 1627 1473 1715 producto.

310 1737 351 1807 G.
372 1740 516 1805 bulbosa
537 1741 681 1804 Bolanis.
702 1740 823 1826 Regist.
850 1748 873 1802 t.
894 1738 966 1804 343.

894 1865 1010 1919 Habitat
1025 1867 1056 1919 in
1074 1867 1200 1921 Brasilia.
1241 1871 1281 1939 21..
1299 1869 1332 1922 C.

312 1974 436 2081 Caulis
456 2016 551 2082 2-3
571 2016 676 2103 pedes
696 2014 782 2078 altus
804 2025 935 2079 erectus
956 2036 1110 2079 ramosus
1131 2026 1219 2080 teres
1238 2016 1437 2102 pubescens.
1479 2012 1575 2080 Folia
1597 2014 1770 2102 opposita,
1790 2018 1919 2104 petiole

309 2127 403 2193 brevi
424 2126 597 2193 4-61in.
620 2128 725 2214 longo
749 2149 877 2205 crasso,
912 2127 1035 2191 lamina
1059 2128 1195 2192 cordata
1216 2128 1364 2193 bresiter
1390 2138 1486 2192 acuta
1513 2139 1609 2192 acute
1637 2141 1770 2193 crenata
1797 2146 1926 2219 rugosa

310 2265 410 2330 supra
443 2242 572 2307 virente
605 2240 681 2328 pilis
721 2239 879 2304 brevibus
919 2239 1086 2326 adpressis
1119 2240 1295 2320 mollibus,
1334 2241 1451 2307 subtus
1487 2253 1678 2306 tomentosa
1716 2242 1921 2311 candicante.

309 2353 430 2421 Flores
450 2355 486 2418 in
507 2353 669 2428 authur03
696 2354 849 2417 bracteae
874 2352 1008 2417 loliares
1031 2353 1230 2440 pedunculis
1252 2346 1417 2432 minores,
1438 2356 1629 2420 bracteolae
1648 2356 1853 2423 lanceolatae
1872 2360 1922 2426 in·

309 2479 472 2557 tegratse3
497 2466 681 2554 pedunculi
702 2465 811 2530 variae
833 2465 1054 2552 longitudinis
1076 2466 1117 2529 ad
1140 2467 1302 2554 pollicem
1323 2481 1355 2533 et
1376 2468 1461 2532 ultra
1483 2467 1586 2554 longi.
1637 2464 1742 2554 Calyx
1769 2469 1922 2560 hypogy-

311 2604 375 2647 nus
396 2580 507 2645 brevis
522 2579 843 2671 'quinquedentatus
870 2579 1027 2644 dentibus
1050 2579 1153 2643 ovatis
1174 2581 1288 2646 acutis.
1333 2578 1473 2646 Corolla
1494 2581 1711 2667 monopetala
1739 2580 1921 2672 hypogyna

311 2693 382 2759 basi
403 2694 545 2782 globosa
575 2692 686 2755 inflata
715 2690 873 2756 tubulosa
901 2692 944 2755 ad
975 2692 1101 2755 labium
1128 2716 1234 2780 usque
1264 2693 1426 2780 pollicem
1454 2693 1574 2781 longa,
1615 2693 1721 2760 limbo
1750 2696 1922 2784 ampliato,

311 2807 401 2872 labio
436 2806 534 2871 6lin.
557 2807 661 2893 longo
684 2805 873 2870 lanceolato
903 2816 1018 2879 acuto;
1051 2817 1120 2868 tota
1149 2804 1308 2872 coccinea
1335 2805 1534 2891 pubescens.
1584 2804 1772 2873 Filamenta
1799 2807 1820 2872 4
1843 2811 1922 2874 sub-

311 2919 477 3010 aequalia,
508 2919 668 2985 antherae
696 2941 829 2983 sursum
855 2941 969 2982 versae
998 2917 1211 2983 orbiculatim
1241 2940 1404 3004 expansae
1431 2917 1519 2982 inter
1545 2940 1581 2983 se
1612 2929 1647 2982 et
1667 2940 1746 2983 cum
1768 2919 1921 3008 stigmate

312 3034 569 3124 conglutinatae.
614 3031 760 3120 Capsula
781 3030 990 3109 biloculeris,
1025 3028 1242 3119 sporophoro
1271 3029 1411 3097 centrali
1437 3051 1572 3117 magno.
1617 3028 1806 3097 Glandulae
1836 3033 1922 3102 duae

312 3147 356 3214 ad
377 3146 474 3211 basin
494 3144 665 3232 germinis.

436 3259 590 3324 Plantam
611 3258 799 3344 elegantem
827 3281 868 3322 ex
888 3256 997 3322 hortis
1017 3255 1167 3343 Auglicis
1193 3260 1389 3321 ann01820
1414 3255 1615 3342 accepimus.
1657 3254 1776 3347 Floret
1803 3279 1921 3325 mense

312 3372 418 3441 Junio
440 3384 475 3438 et
492 3372 596 3437 Julio.
639 3372 848 3459 Propagatur
877 3369 1006 3436 semine
1032 3369 1174 3456 gemmis
1195 3381 1230 3434 et
1248 3368 1353 3448 loliis,
1389 3392 1474 3457 quae
1503 3381 1611 3435 terrae
1638 3367 1797 3455 imposita
1823 3370 1922 3440 facile

314 3508 464 3577 gemmas
485 3484 688 3572 producunt

435 3602 491 3664 An
513 3598 642 3686 species
662 3619 681 3663 a
704 3618 827 3687 genere
849 3593 1012 3661 Gesneria
1034 3593 1239 3682 separanda?
1267 3591 1368 3660 Certe
1391 3593 1619 3661 Scrofularina
1640 3603 1700 3659 est.

436 3712 509 3801 Fig.
523 3736 552 3778 a.
582 3711 709 3778 corolla
731 3723 844 3798 aperta
867 3732 945 3775 cum
967 3706 1179 3782 staminibus,
1212 3706 1266 3794 lig.
1285 3706 1317 3769 b.
1339 3706 1508 3772 filamenta
1531 3728 1610 3771 cum
1630 3706 1778 3772 antheris
1801 3709 1923 3774 cohae-

311 3825 477 3904 rentibus,
515 3825 609 3915 fig.c.
631 3846 771 3915 germen
792 3846 872 3889 cum
891 3823 1005 3911 calyce
1027 3833 1060 3887 et
1080 3818 1257 3909 glandulis,
1288 3818 1387 3907 figd.
1410 3821 1562 3904 ejusdem
1583 3832 1795 3909 segmentum
1815 3832 1921 3887 trans·

311 3939 449 4007 versele.

437 4334 511 4400 Der
530 4332 659 4398 Stamm
681 4332 792 4398 dieser
811 4330 949 4396 Pllanze
969 4331 1060 4395 wird
1083 4341 1172 4395 etwa
1193 4334 1213 4392 2
1231 4328 1314 4393 turs
1335 4325 1438 4405 hoch,
1459 4325 1503 4392 ist
1523 4325 1618 4415 dstig,
1639 4326 1738 4405 rund,
1759 4324 1923 4392 feinrauh.

314 4446 381 4514 Die
401 4447 530 4512 Blsuer
551 4446 655 4511 sitzen
678 4468 785 4533 gegen
808 4444 970 4509 einander
990 4444 1091 4521 uber,
1119 4441 1194 4507 sind
1218 4441 1448 4527 kurzgestielt,
1475 4440 1697 4529 herzlttrmig,
1726 4441 1806 4504 leura
1828 4464 1926 4528 zuge-

315 4552 429 4646 ipius.
449 4556 603 4647 gekerbt,
625 4555 803 4634 runzlicht,
825 4556 915 4621 oben
935 4554 1060 4634 welch,
1080 4551 1245 4629 aartrauh,
1267 4564 1371 4619 unten
1393 4552 1483 4640 filzig
1504 4554 1683 4624 weisslich.
1726 4553 1789 4618 Die
1803 4555 1926 4618 Bluten

1343 4667 1359 4729 1
